<?xml version="1.0" encoding="UTF-8"?><collection xmlns="http://www.loc.gov/MARC21/slim"><record><leader>00499nam--2200193-i-4500</leader><controlfield tag="001">000016908</controlfield><controlfield tag="002">20161230</controlfield><controlfield tag="005">20170103181125</controlfield><controlfield tag="008">060222s1000------------r-----000-0-rus-d</controlfield><datafield ind1=" " ind2=" " tag="040"><subfield code="a">IFIN-HH</subfield></datafield><datafield ind1=" " ind2=" " tag="041"><subfield code="a">rus</subfield></datafield><datafield ind1=" " ind2=" " tag="080"><subfield code="a">519.6</subfield></datafield><datafield ind1="1" ind2=" " tag="100"><subfield code="a">Gabov, S. A</subfield></datafield><datafield ind1="1" ind2="0" tag="245"><subfield code="a">Lineinie zadaci teorii nestationarnih vnutrennih voln</subfield><subfield code="c">S.A. Gabov, A.G. Svesnikov</subfield></datafield><datafield ind1=" " ind2=" " tag="260"><subfield code="a">Moskva</subfield><subfield code="b">Nauka</subfield><subfield code="c">1990</subfield></datafield><datafield ind1=" " ind2=" " tag="300"><subfield code="a">341 p</subfield></datafield><datafield ind1=" " ind2=" " tag="700"><subfield code="a">Sveshnikov, A. G</subfield></datafield><datafield ind1=" " ind2=" " tag="852"><subfield code="a">79351</subfield><subfield code="c">53.02</subfield></datafield><datafield ind1=" " ind2=" " tag="CAT"><subfield code="a">SYS</subfield><subfield code="c">20170103</subfield><subfield code="h">181125</subfield></datafield></record></collection>